<record><leader>00000cas a22000007a 4500</leader><controlfield tag="001">12171366</controlfield><controlfield tag="008">850618d19641967aluwr ne      0   a0eng d</controlfield><datafield ind1=" " ind2=" " tag="010"><subfield code="a">sn 85044753 </subfield></datafield><datafield ind1=" " ind2=" " tag="040"><subfield code="a">ABJ</subfield><subfield code="b">eng</subfield><subfield code="c">ABJ</subfield><subfield code="d">CPN</subfield><subfield code="d">NST</subfield><subfield code="d">EYM</subfield><subfield code="d">OCLCQ</subfield><subfield code="d">OCLCF</subfield><subfield code="d">OCLCO</subfield></datafield><datafield ind1=" " ind2=" " tag="012"><subfield code="i">9201</subfield></datafield><datafield ind1="1" ind2=" " tag="029"><subfield code="a">AU@</subfield><subfield code="b">000020383839</subfield></datafield><datafield ind1=" " ind2=" " tag="042"><subfield code="a">msc</subfield></datafield><datafield ind1=" " ind2=" " tag="043"><subfield code="a">n-us-al</subfield></datafield><datafield ind1="0" ind2="4" tag="245"><subfield code="a">The Birmingham independent and the Cahaba Valley news.</subfield></datafield><datafield ind1="3" ind2="0" tag="246"><subfield code="a">Birmingham independent</subfield></datafield><datafield ind1=" " ind2=" " tag="260"><subfield code="a">Birmingham, Ala. :</subfield><subfield code="b">Birmingham Independent,</subfield><subfield code="c">1964-1967.</subfield></datafield><datafield ind1=" " ind2=" " tag="300"><subfield code="a">5 v. :</subfield><subfield code="b">ill.</subfield></datafield><datafield ind1=" " ind2=" " tag="310"><subfield code="a">Weekly</subfield></datafield><datafield ind1="0" ind2=" " tag="362"><subfield code="a">Vol. 1, no. 1 (Jan. 1, 1964)-v. 5, no. 27 (Oct. 25-Nov. 1, 1967).</subfield></datafield><datafield ind1=" " ind2=" " tag="500"><subfield code="a">Published as: Birmingham independent, &lt;Sept. 2, 1964&gt;-Oct. 25, 1967.</subfield></datafield><datafield ind1=" " ind2="0" tag="651"><subfield code="a">Birmingham (Ala.)</subfield><subfield code="v">Newspapers.</subfield></datafield><datafield ind1=" " ind2="7" tag="655"><subfield code="a">Newspapers.</subfield><subfield code="2">fast</subfield><subfield code="0">(OCoLC)fst01423814</subfield></datafield><datafield ind1=" " ind2="7" tag="651"><subfield code="a">Alabama</subfield><subfield code="z">Birmingham.</subfield><subfield code="2">fast</subfield><subfield code="0">(OCoLC)fst01204958</subfield></datafield><datafield ind1=" " ind2=" " tag="752"><subfield code="a">United States</subfield><subfield code="b">Alabama</subfield><subfield code="c">Jefferson</subfield><subfield code="d">Birmingham.</subfield></datafield><datafield ind1="0" ind2="0" tag="780"><subfield code="t">Cahaba Valley news</subfield><subfield code="w">(DLC)sn 85044752</subfield><subfield code="w">(OCoLC)12171401</subfield></datafield><datafield ind1="0" ind2="0" tag="785"><subfield code="t">Alabama independent and Birmingham independent</subfield><subfield code="w">(DLC)sn 85044754</subfield><subfield code="w">(OCoLC)12171334</subfield></datafield><datafield ind1=" " ind2=" " tag="850"><subfield code="a">AU</subfield><subfield code="a">MiU</subfield></datafield></record>